<?xml version="1.0" encoding="UTF-8"?><collection xmlns="http://www.loc.gov/MARC21/slim"><record><leader>00445nam--2200145-i-4500</leader><controlfield tag="001">000029871</controlfield><controlfield tag="002">20161230</controlfield><controlfield tag="005">20161230201037</controlfield><controlfield tag="008">060222s1000------------r-----000-0-eng-d</controlfield><datafield ind1=" " ind2=" " tag="080"><subfield code="a">547:001.4</subfield></datafield><datafield ind1=" " ind2=" " tag="100"><subfield code="a">Lozac`H., Noel</subfield></datafield><datafield ind1=" " ind2=" " tag="245"><subfield code="a">La nomenclature en chimmie organique</subfield></datafield><datafield ind1=" " ind2=" " tag="260"><subfield code="a">Paris, Masson Et C-ie, 1967, Vi + 296p</subfield></datafield><datafield ind1=" " ind2=" " tag="490"><subfield code="a">Collection De `Monographies De Chemie Organique` Complements Au `Traite De Chimie Organique`</subfield></datafield><datafield ind1=" " ind2=" " tag="852"><subfield code="a">29204</subfield></datafield></record></collection>